
@inproceedings{performance_improvement,
	author="Kati, Maliheh Sadeghi and Fredriksson, Jonas and Laine, Leo and Jacobson, Bengt",
	title="Performance Improvement for A-double Combination by introducing a Smart Dolly",
	booktitle="13th International Heavy Vehicle Transport Technology Symposium, San Luis, Argentina",
	year="2014"
}



@book{automotive_software_engineering,
	title="Automotive software engineering: Grundlagen, Prozesse, Methoden und Werkzeuge effizient einsetzen",
	author="Sch{\"a}uffele, J{\"o}rg and Zurawka, Thomas",
	year="2012",
	publisher="Springer-Verlag"
}

@article{nilsson2015traffic},
title={On Traffic Situation Predictions for Automated Driving of Long Vehicle Combinations},
author={Nilsson, Peter},
year={2015},
publisher={Chalmers University of Technology}

@inproceedings{islam2015improve,
	title={Improve Safety by Optimal Steering Control of a Converter Dolly using Particle Swarm Optimization for Low-Speed Maneuvers},
	author={Islam, Mohammad Manjurul and Laine, Leo and Jacobson, Bengt},
	booktitle={Intelligent Transportation Systems (ITSC), 2015 IEEE 18th International Conference on},
	pages={2370--2377},
	year={2015},
	organization={IEEE}
}
@inproceedings{islam2015inverse,
	title={Inverse model control including actuator dynamics for active dolly steering in high capacity transport vehicle},
	author={Islam, Mohammad Manjurul and Laine, Leo and Jacobson, Bengt},
	booktitle={Intelligent Vehicles Symposium (IV), 2015 IEEE},
	pages={1024--1031},
	year={2015},
	organization={IEEE}
}

@article{franzreal,
	title={Real-Time Control Interface for a Steered and Braked Converter Dolly for High Capacity Transport Vehicles},
	author={FRANZ, SEBASTIAN and HOFMANN, MICHAEL},
	year={2015}
}